@inproceedings{stucki2015rrb,
  title={RRB vector: a practical general purpose immutable sequence},
  author={Stucki, Nicolas and Rompf, Tiark and Ureche, Vlad and Bagwell, Phil},
  booktitle={ACM SIGPLAN Notices},
  volume={50},
  number={9},
  pages={342--354},
  year={2015},
  organization={ACM}
}


@techreport{bagwell2011rrb,
  title={RRB-Trees: Efficient Immutable Vectors},
  author={Bagwell, Philip and Rompf, Tiark},
  year={2011}
}

@article{hinze2006finger,
  title={Finger trees: a simple general-purpose data structure},
  author={Hinze, Ralf and Paterson, Ross},
  journal={Journal of Functional Programming},
  volume={16},
  number={02},
  pages={197--217},
  year={2006},
  publisher={Cambridge Univ Press}
}

@phdthesis{okasaki1996purely,
  title={Purely functional data structures},
  author={Okasaki, Chris},
  year={1996},
  school={Citeseer}
}

@book{blelloch1990vector,
  title={Vector models for data-parallel computing},
  author={Blelloch, Guy E},
  volume={356}
}