@inproceedings{stucki2015rrb,
  title={RRB vector: a practical general purpose immutable sequence},
  author={Stucki, Nicolas and Rompf, Tiark and Ureche, Vlad and Bagwell, Phil},
  booktitle={ACM SIGPLAN Notices},
  volume={50},
  number={9},
  pages={342--354},
  year={2015},
  organization={ACM}
}


@techreport{bagwell2011rrb,
  title={RRB-Trees: Efficient Immutable Vectors},
  author={Bagwell, Philip and Rompf, Tiark},
  year={2011}
}

@article{hinze2006finger,
  title={Finger trees: a simple general-purpose data structure},
  author={Hinze, Ralf and Paterson, Ross},
  journal={Journal of Functional Programming},
  volume={16},
  number={02},
  pages={197--217},
  year={2006},
  publisher={Cambridge Univ Press}
}

@phdthesis{okasaki1996purely,
  title={Purely functional data structures},
  author={Okasaki, Chris},
  year={1996},
  school={Citeseer}
}

@book{blelloch1990vector,
  title={Vector models for data-parallel computing},
  author={Blelloch, Guy E},
  volume={356}
}

@article{hull2006balancing,
  title={Balancing simplicity and efficiency in Web applications},
  author={Hull, Marc}
}

@misc{angle1999radix,
  title={Radix tree search logic},
  author={Angle, Richard L and Harriman Jr, Edward S and Ladwig, Geoffrey B},
  year={1999},
  month=feb # "~16",
  publisher={Google Patents},
  note={US Patent 5,873,078}
}

@article{boehm1995ropes,
  title={Ropes: an alternative to strings},
  author={Boehm, Hans-J and Atkinson, Russ and Plass, Michael},
  journal={Software: Practice and Experience},
  volume={25},
  number={12},
  pages={1315--1330},
  year={1995},
  publisher={Wiley Online Library}
}